@Misc{wiki-prg,
  Title                    = {Pseudorandom Number Generator},

  Author                   = {Wikipedia},
  HowPublished             = {Web},

  Owner                    = {saber},
  Timestamp                = {2017.09.26},
  Url                      = {https://en.wikipedia.org/wiki/Pseudorandom_number_generator}
}

@Misc{wiki-mersenne,
  Title                    = {Mersenne Twister},

  Author                   = {Wikipedia},
  HowPublished             = {Web},

  Owner                    = {saber},
  Timestamp                = {2017.09.26},
  Url                      = {https://en.wikipedia.org/wiki/Mersenne_Twister}
}

@Misc{wiki-mprime,
  Title                    = {Mersenne Prime},

  Author                   = {Wikipedia},
  HowPublished             = {Web},

  Owner                    = {saber},
  Timestamp                = {2017.09.26},
  Url                      = {https://en.wikipedia.org/wiki/Mersenne_prime}
}

@techreport{CMS-PAS-HIG-12-041,
      title         = "{Updated results on the new boson discovered in the search
                       for the standard model Higgs boson in the ZZ to 4 leptons
                       channel in pp collisions at sqrt(s) = 7 and 8 TeV}",
      institution   = "CERN",
      collaboration = "CMS Collaboration",
      address       = "Geneva",
      number        = "CMS-PAS-HIG-12-041",
      year          = "2012",
      reportNumber  = "CMS-PAS-HIG-12-041",
      url           = "http://cds.cern.ch/record/1494488",
}


@Misc{wiki-poisson,
  Title                    = {Poisson Distribution},

  Author                   = {Wikipedia},
  HowPublished             = {Web},

  Owner                    = {saber},
  Timestamp                = {2017.09.26},
  Url                      = {https://en.wikipedia.org/wiki/Poisson_distribution}
}


@Misc{wiki-clt,
  Title                    = {Central Limit Theorem},

  Author                   = {Wikipedia},
  HowPublished             = {Web},

  Owner                    = {saber},
  Timestamp                = {2017.09.26},
  Url                      = {https://en.wikipedia.org/wiki/Central_limit_theorem}
}

@Misc{ww-datamelt,
  Title                    = {DataMelt},

  Author                   = {JWork},
  HowPublished             = {Web},

  Owner                    = {saber},
  Timestamp                = {2017.09.26},
  Url                      = {http://jwork.org/scavis/api/}
}

@Misc{wiki-datamelt,
  Title                    = {DataMelt},

  Author                   = {Wikipedia},
  HowPublished             = {Web},

  Owner                    = {saber},
  Timestamp                = {2017.09.26},
  Url                      = {https://en.wikipedia.org/wiki/DataMelt}
}
