% S17-ER-1001

@Misc{www-cloudmesh-classes,
  OPTkey =       {},
  author =    {von Laszewski, Gregor},
  title =     {cloudmesh.classes},
  howpublished = {Web Page},
  OPTmonth =     {},
  OPTyear =      {},
  OPTnote =      {},
  OPTannote =    {},
  url = {https://cloudmesh.github.io/classes/}
}
